% This file was created with JabRef 2.10.
% Encoding: UTF8

@manual{frasson:2005:classe_abnt,
  title        = {Classe ABNT: Confec{\c c}\~ao de trabalhos acad\^emicos em LATEX
                  segundo as normas ABNT Vers\~ao 1.15},
  author       = {Miguel V. S. Frasson and Gerald Weber},
  year         = {2005},
  howpublished = {http://abntex.codigolivre.org.br}
}

@misc{janos:2005:algpseudocode,
  month         = {Abril},
  year          = {2005},
  url           = {http://www.tug.org/texlive/Contents/live/texmf-dist/doc/latex/algorithmicx/algorithmicx.pdf},
  urlaccessdate = {29/03/2011},
  author        = {Sz\'asz J\'anos},
  owner         = {marcos},
  timestamp     = {2011.03.29},
  title         = {The algorithmicx package}
}

@misc{cassagojr:1997:amslatex,
  year          = {1997},
  url           = {http://www.icmc.usp.br/~sma/suporte/Ams-manual.pdf},
  urlaccessdate = {30/03/2011},
  author        = {Herminio Cassago Junior and Luiz Carlos Franco},
  owner         = {marcos},
  timestamp     = {2011.03.30},
  title         = {AMS-Latex}
}

@misc{moses:2006:listings,
  year          = {2006},
  url           = {http://ftp.tex.ac.uk/tex-archive/macros/latex/contrib/listings/listings.pdf},
  urlaccessdate = {29/03/2011},
  author        = {Brooks Moses},
  owner         = {marcos},
  timestamp     = {2011.03.29},
  title         = {The Listings Package}
}

@electronic{marcos:site,
  url           = {http://sites.google.com/site/ultramarcos},
  urlaccessdate = {01/02/2012},
  author        = {Marcos Roberto Ribeiro},
  owner         = {marcos},
  timestamp     = {05/06/2012}
}

@techreport{usp:logo,
  url           = {http://www.scs.usp.br/identidadevisual/wp-content/uploads/myriamkrasilchik_1996.pdf},
  urlaccessdate = {18 nov. 2014},
  year          = {1996},
  address       = {São Paulo},
  author        = {KRASILCHIK, Myriam and Gomes, Celso de Barros and Melo, Francisco In\'acio Homem and Filho, Heliodoro Teixeira Bastos and Katinsky, Julio Roberto and Corr\^ea, Tup\~a Gomes},
  title         = {A USP e sua identidade visual},
  owner         = {USP},
  timestamp     = {18/11/2014}
}


@inbook{silva:inbook,
  author    = {Jos\'e Silva},
  title     = {Título do capítulo do livro},
  editor    = {Maria da Silva},
  booktitle = {Título do Livro},
  chapter   = {3},
  pages     = {102-187},
  publisher = {Nome da Editora},
  address   = {Cidade da Editora},
  year      = {2011},
  owner     = {marcos},
  timestamp = {05/06/2012}
}

@incollection{silva:incollection,
  author    = {Jos\'e Silva},
  title     = {Título do livro},
  booktitle = {Título da Coletânea},
  editor    = {Maria da Silva},
  pages     = {350},
  publisher = {Nome da Editora},
  address   = {Cidade da Editora},
  year      = {2011},
  owner     = {marcos},
  timestamp = {05/06/2012}
}

@inproceedings{silva:inproceedings,
  author            = {Jos\'e Silva},
  title             = {Título do trabalho},
  organization      = {Nome do evento},
  conference-number = {20},
  year              = {2011},
  address           = {Cidade do Evento},
  owner             = {marcos},
  timestamp         = {05/06/2012}
}

@mastersthesis{silva:master,
  author    = {Jos\'e Silva},
  title     = {Título da dissertação},
  school    = {Instituto Federal Minas Gerais - Campus Bambuí},
  year      = {2011},
  address   = {Bambuí},
  owner     = {marcos},
  timestamp = {05/06/2012}
}

@monography{silva:monography,
  author    = {Jos\'e Silva},
  title     = {Título da monografia},
  type      = {Graduação},
  school    = {Instituto Federal Minas Gerais - Campus Bambuí},
  year      = {2011},
  address   = {Bambuí},
  owner     = {marcos},
  timestamp = {05/06/2012}
}

@techreport{silva:tech,
  author       = {Jos\'e Silva},
  title        = {Título do relatório técnico},
  organization = {Instituto Federal Minas Gerais - Campus Bambuí},
  year         = {2011},
  address      = {Bambuí},
  owner        = {marcos},
  timestamp    = {05/06/2012}
}

@article{silva:artigo,
  author    = {Jos\'e Silva and Maria Silva},
  title     = {Título do artigo},
  journal   = {Nome da Revista},
  year      = {2012},
  volume    = {I},
  number    = {2},
  pages     = {37-48},
  owner     = {marcos},
  timestamp = {05/06/2012}
}

@booklet{silva:booklet,
  title     = {Título do trabalho sem editora},
  author    = {Jos\'e Silva and Maria Silva},
  year      = {2012},
  owner     = {marcos},
  timestamp = {05/06/2012}
}

@manual{silveira:2006:manual_tcc,
  title        = {Manual de Normalização para Apresentação de Trabalho de Conclusão
                  de Curso (TCC)},
  author       = {Simoni J\'ulia da Silveira},
  organization = {Centro Federal de Educa{\c c}\~ao Tecnol\'ogica de Bambu\'i},
  address      = {Bambuí},
  year         = {2006},
  owner        = {marcos},
  timestamp    = {2011.03.23}
}

@book{wazlawick:2009,
  title     = {Metodologia de pesquisa para ciência da computação},
  author    = {Wazlawick, Raul Sidnei},
  publisher = {Elsevier},
  year      = {2009},
  address   = {Rio de Janeiro},
  owner     = {marcos},
  timestamp = {05/06/2012}
}

@misc{wikipedia:2011:america_sul,
  year          = {2011},
  url           = {http://pt.wikipedia.org/wiki/América do Sul},
  urlaccessdate = {23/03/2011},
  author        = {Wikip\'edia},
  owner         = {marcos},
  timestamp     = {2011.03.23},
  title         = {Am\'erica do Sul}
}

@comment{jabref-entrytype: Monography: req[author;title;type;school;year;address] opt[pages;pagename;url;urlaccessdate;note]}


@manual{NBR14724:2011,
  address       = {Rio de Janeiro},
  date-added    = {2013-03-18 14:19:32 +0000},
  date-modified = {2013-03-18 14:20:15 +0000},
  month         = mar,
  org-short     = {ABNT},
  organization  = {Associa{\c c}\~ao Brasileira de Normas T\'ecnicas},
  pages         = 15,
  subtitle      = {Informa{\c c}\~ao e documenta{\c c}\~ao --- Trabalhos acad\^emicos --- Apresenta{\c c}\~ao},
  title         = {{ABNT NBR} 14724:2011},
  year          = 2011
}

@manual{NBR6024:2012,
  address       = {Rio de Janeiro},
  date-added    = {2013-03-18 13:32:00 +0000},
  date-modified = {2013-03-18 13:33:17 +0000},
  month         = feb,
  org-short     = {ABNT},
  organization  = {Associa{\c c}\~ao Brasileira de Normas T\'ecnicas},
  pages         = 4,
  subtitle      = {Informa{\c c}\~ao e Documenta{\c c}\~ao - Numera{\c c}\~ao progressiva das se{\c c}\~oes de um documento - Apresenta{\c c}\~ao},
  title         = {{ABNT NBR} 6024: 2012},
  year          = 2012
}

@book{ibge1993,
  address       = {Rio de Janeiro},
  author        = {IBGE},
  date-added    = {2013-08-21 13:48:18 +0000},
  date-modified = {2013-08-21 13:55:50 +0000},
  edition       = {3},
  organization  = {http://biblioteca.ibge.gov.br/visualizacao/livros/liv23907.pdf},
  publisher     = {Centro de Documenta{\c c}{\~a}o e Dissemina{\c c}{\~a}o de Informa{\c c}{\~o}es. Funda{\c c}{\~a}o Intituto Brasileiro de Geografia e Estat{\'\i}stica},
  title         = {Normas de apresenta{\c c}{\~a}o tabular},
  urlaccessdate = {21 ago 2013},
  year          = {1993}
}
	
	@manual{abntex2classe,
  annote        = {Este documento substitui o \cite{abnt-classe-doc}},
  author        = {abnTeX2 and Lauro C{\'e}sar Araujo},
  date-added    = {2012-12-19 13:08:40 +0000},
  date-modified = {2013-04-05 11:03:25 +0000},
  organization  = {Equipe abnTeX2},
  title         = {A classe abntex2: Modelo can{\^o}nico de trabalhos acad{\^e}micos brasileiros compat{\'\i}vel com as normas ABNT NBR 14724:2011, ABNT NBR 6024:2012 e outras},
  url           = {http://abntex2.googlecode.com/},
  year          = {2012},
  bdsk-url-1    = {http://code.google.com/p/abntex2/}
}

@manual{NBR10520:2002,
  address       = {Rio de Janeiro},
  date-added    = {2012-12-15 21:43:38 +0000},
  date-modified = {2013-01-12 22:17:20 +0000},
  month         = {ago.},
  org-short     = {ABNT},
  organization  = {Associa{\c c}\~ao Brasileira de Normas T\'ecnicas},
  pages         = 7,
  subtitle      = {Informa{\c c}\~ao e documenta{\c c}\~ao --- Apresenta{\c c}\~ao de cita{\c c}\~oes em documentos},
  title         = {{NBR} 10520},
  year          = 2002
}
	
@manual{abntex2cite-alf,
  annote        = {Este documento {\'e} derivado do \cite{abnt-bibtex-alf-doc}},
  author        = {abnTeX2 and Lauro C{\'e}sar Araujo},
  date-added    = {2013-01-09 10:37:45 +0000},
  date-modified = {2013-04-05 11:03:05 +0000},
  organization  = {Equipe abnTeX2},
  title         = {O pacote abntex2cite: t{\'o}picos espec{\'\i}ficos da ABNT NBR 10520:2002 e o estilo bibliogr{\'a}fico alfab{\'e}tico (sistema autor-data)},
  url           = {http://abntex2.googlecode.com/},
  year          = {2013},
  bdsk-url-1    = {http://code.google.com/p/abntex2/}
}	
	
	@manual{babel,
  author        = {Johannes Braams},
  date-added    = {2013-02-17 13:37:14 +0000},
  date-modified = {2013-02-17 13:38:38 +0000},
  month         = {Apr.},
  title         = {Babel, a multilingual package for use with LATEX's standard document classes},
  url           = {http://mirrors.ctan.org/info/babel/babel.pdf},
  urlaccessdate = {17 fev. 2013},
  year          = {2008},
  bdsk-url-1    = {http://mirrors.ctan.org/info/babel/babel.pdf}
}
	
% Exemplos 

 @book{10520:2000:4.1-1,
  author = {X. Y. Z. Authler-Reiriz},
  year   = 1982,
  title  = {Exemplo de cita{\c c}\~ao no texto}
}
 @book{10520:2000:4.1-2,
  author = {X. Y. Z. Derrida},
  year   = 1967,
  title  = {Exemplo de cita{\c c}\~ao no texto},
  pages  = 293
}
@book{10520:2000:4.1-3,
  year  = 1978,
  title = {Depoimento sobre qualquer coisa},
  pages = {101-114}
}
 @book{10520:2000:4.2-2,
  author = {X. Y. Z. Oliveira and X. Y. Z. Leonardos},
  year   = 1943,
  title  = {Exemplo de cita{\c c}\~ao no texto}
}

@mastersthesis{claesson2021resynthesis,
  title  = {Re-synthesis of instrumental sounds with Machine Learning and a Frequency Modulation synthesizer},
  author = {Claesson, Philip},
  year   = {2019},
  school = {KTH Royal Institute of Technology, School of Electrical Engineering and Computer Science}
}

@inproceedings{steinmetz2022ddx7,
  title     = {DDX7: Differentiable FM Synthesis of Musical Instrument Sounds},
  author    = {Steinmetz, Christian J. and Pons, Jordi and Bogdanov, Dmitry and Serra, Xavier},
  booktitle = {Proceedings of the 23rd International Society for Music Information Retrieval Conference (ISMIR)},
  year      = {2022}
}

@article{kiranyaz2021survey,
  title     = {1D Convolutional Neural Networks and Applications—A Survey},
  author    = {Kiranyaz, Serkan and Avci, Onur and Abdeljaber, Osama and Ince, Turker and Gabbouj, Moncef and Inman, Daniel J.},
  journal   = {Journal of Computer Science and Technology},
  volume    = {36},
  number    = {1},
  pages     = {1--25},
  year      = {2021},
  publisher = {Springer}
}
